2859 5784
512 439 742 524 *uersu
779 434 927 495 x'vut.
1187 424 1262 502 455

212 633 233 682 a
257 606 392 708 quibus
415 606 504 683 facti
530 603 624 683 lunt.
690 608 793 697 Quin
816 608 927 684 etiam
949 609 1139 688 Domitius
1159 612 1263 707 Afer,

211 710 277 810 qui
321 711 405 787 illos
456 712 496 784 in
538 740 675 788 nomen
722 711 911 808 adsumfit,
963 715 1120 816 reliquit
1158 717 1262 790 tella-

208 836 376 890 mentum
421 836 506 890 ante
551 838 638 892 octo
678 837 714 893 ct
757 814 885 891 decem
926 842 1040 891 anuos
1070 847 1262 919 vnuncupa·

207 938 309 1014 tum,
348 917 516 1019 adeoque
554 921 678 1019 postea
712 920 963 1019 improbatum
993 921 1082 1016 fibi,
1121 943 1174 996 ut
1197 952 1258 1022 pa·

204 1022 273 1096 tris
312 1037 441 1097 eorum
456 1067 459 1076 ·
473 1025 569 1098 bona
606 1022 868 1124 proscribenda
907 1026 1100 1099 curaverit.
1160 1027 1289 1106 Mirac
1368 1105 1371 1117 ,

204 1124 306 1198 illius
328 1125 519 1225 asperitas,
549 1128 641 1201 mira
658 1127 820 1208 ‘felicitas
845 1127 999 1219 horum:
1033 1128 1131 1202 illius
1158 1127 1258 1230 aspc-

175 1238 179 1242 ’
205 1228 314 1322 ritas,
350 1230 416 1329 qui
445 1259 601 1306 numero
626 1232 763 1306 civium
789 1230 946 1340 excidit,
976 1257 1088 1332 quem
1113 1230 1258 1312 socium

206 1332 316 1406 etiam
344 1333 384 1406 iu
414 1333 541 1410 liberis
572 1334 724 1430 habuit3
758 1334 914 1409 felicitas
940 1334 1093 1428 horum,
1119 1336 1266 1435 quibus

201 1433 370 1528 sucpellit
400 1437 587 1511 inlocum
612 1440 743 1538 patris,
779 1439 843 1540 qui
869 1459 1011 1537 patrem
1042 1441 1253 1514 abstulerat.

203 1537 283 1613 sed
306 1540 397 1614 haec
417 1569 567 1641 quoquc
592 1542 775 1642 hereditas
800 1542 902 1635 Afri,
931 1562 973 1614 ut
996 1541 1136 1641 reliqua
1167 1571 1286 1644 eumq

203 1639 317 1717 fratre
348 1637 525 1742 quaesita,
556 1645 833 1720 transmittenda
862 1649 966 1720 crunt
993 1643 1090 1720 filiae
1116 1647 1254 1738 fratris,

205 1772 229 1820 tt
248 1773 326 1844 quo
357 1747 487 1822 Tullus
515 1776 559 1824 ex
585 1749 654 1824 affe
687 1750 793 1824 heres
823 1749 1026 1841 institutus,
1056 1751 1255 1847 praelatus-

205 1875 278 1948 que
300 1850 396 1922 filiae
419 1849 556 1946 fuerat,
582 1874 624 1925 ut
648 1853 916 1927 conciliaretur.
971 1851 1059 1937 Quo
1086 1851 1253 1925 laudabi-

201 1952 274 2024 lius
296 1953 548 2027 tcstamentum
577 1955 644 2048 est,
677 1954 780 2056 quod
805 1954 941 2052 pietas,
973 1951 1085 2047 fides,
1115 1954 1252 2053 pudor,

201 2053 361 2152 scripsit:
384 2056 420 2127 in
439 2085 515 2154 quo
533 2056 692 2156 denique
707 2058 877 2130 omnibus
893 2053 1157 2150 adfinitatibus,
1181 2085 1253 2157 pro

201 2157 379 2257 ‘cuiusque
401 2162 544 2253 officio,
571 2162 685 2258 gratia
706 2160 817 2232 relata
843 2158 910 2232 est:
939 2159 1052 2231 relata
1073 2180 1110 2232 et
1129 2161 1250 2235 uxori.
1275 2191 1279 2206 ν’
1376 2183 1378 2188 ’

202 2261 360 2359 Accepit
382 2261 647 2338 anroeniffimas
675 2262 796 2355 villas,
830 2261 973 2381 accepit
997 2289 1165 2361 maguam
1187 2288 1282 2363 pes

200 2366 347 2437 cuniam
382 2392 475 2438 uxor
515 2366 655 2468 optima
688 2386 726 2450 ct
753 2365 1029 2465 patieutilhma:
1066 2393 1109 2441 ac
1146 2387 1250 2442 tanto

198 2467 331 2541 melius
363 2461 410 2541 de
441 2469 520 2541 viro
554 2470 706 2556 merita,
741 2491 880 2567 quanto
903 2469 1018 2566 magis
1044 2469 1095 2542 est
1126 2497 1249 2569 repre·

99 2601 107 2612 ’
198 2570 332 2659 hensa,
363 2570 466 2674 quod
489 2570 620 2670 nuplit.
672 2570 769 2644 Nam
790 2571 923 2644 mulier
935 2571 1115 2647 natalibus
1136 2574 1247 2669 clara,

199 2673 365 2747 moribus
392 2677 530 2774 proba,
553 2695 667 2748 aetate
690 2672 860 2773 declivis,
889 2672 961 2774 diu
975 2674 1105 2764 vidua,
1127 2699 1252 2763 mater

198 2778 307 2871 olim,
342 2806 471 2879 parum
498 2776 630 2852 decore
659 2775 811 2876 sequuta
841 2777 1118 2850 matrimonium
1147 2779 1250 2853 videa·

195 2880 305 2953 hatur
327 2880 451 2954 divitis
472 2873 584 2974 senis,
611 2881 661 2953 ita
683 2878 820 2981 perditi
841 2882 997 2970 morh'o,
1019 2901 1062 2952 ut
1082 2880 1151 2954 effe
1171 2903 1246 2956 tac-

198 2982 262 3057 dio
286 2984 401 3083 poll'et
421 2984 547 3078 uxori,
573 2977 687 3083 quarn
706 2984 849 3058 iuvenis
869 2981 1243 3083 sanusquc'duxiffet.

145 3157 148 3166 ,
195 3085 346 3189 Quippe
366 3088 538 3182 omnibus
559 3079 734 3160 membris
760 3107 921 3188 extortus
943 3107 980 3160 et
1003 3088 1140 3158 fractus
1166 3108 1280 3190 tan-9

194 3211 250 3263 tas
292 3218 381 3291 opes
419 3189 505 3264 solis
538 3189 654 3263 oculis
685 3188 831 3263 obibat:
874 3218 917 3262 ac
949 3216 996 3263 ne
1031 3190 1244 3266 in'lectulo

194 3291 368 3393 quidem,
403 3293 470 3368 nili
499 3294 546 3365 ab
577 3292 681 3382 aliis,
710 3293 940 3367 movebatur.
1001 3291 1105 3378 Quin
1133 3294 1245 3369 etiam

194 3396 363 3495 (foedum
399 3395 719 3496 miserandumque
759 3394 876 3496 dictu)
909 3394 1037 3469 dentes
1065 3395 1242 3472 lavandos

191 3499 454 3599 fricandosque
468 3495 679 3599 praebebat.
707 3498 890 3573 Auditum
904 3498 955 3571 cst
965 3499 1178 3597 frequenter
1194 3502 1242 3574 ah

189 3602 292 3704 ipso,
322 3631 438 3704 quum
462 3624 675 3722 quereretur
701 3602 749 3678 de
780 3602 1013 3678 contumeliis
1041 3600 1241 3680 debilitatis

228 3790 401 3845 SDomtttus
415 3795 446 3844 A
461 3800 507 3856 er)
542 3792 701 3850 Profuithic
733 3791 826 3855 fnum,
860 3809 877 3844 a
910 3807 966 3863 qno
988 3783 1027 3842 illi
1051 3787 1161 3844 infidiaa
1185 3808 1243 3846 me·

188 3859 268 3914 locus
301 3861 378 3914 nobis
409 3879 423 3912 a
475 3863 700 3934 interpretandum
733 3862 850 3918 tuendae
864 3877 953 3923 crant,
971 3857 1148 3927 liipssheres
1163 3858 1243 3926 effen

189 3947 247 3998 nou
267 3930 346 3983 nimis
374 3930 478 3983 facilem
506 3933 593 3985 locnrn
616 3933 701 4003 Quin·
734 3933 809 3984 illuns
836 3929 922 4000 ipsunt
949 3928 1074 3983 heredem
1101 3933 1244 3999 praeterita

190 3996 276 4052 ciliani
290 4000 316 4060 6,
338 4009 370 4063 3,
385 4016 428 4081 92.
450 4000 495 4052 nbi
509 4006 635 4073 putamus
650 4002 701 4055 hu·
735 4000 933 4060 titulamini,
955 3999 1074 4051 futurum
1092 3998 1244 4061 arbitratus,
1306 4065 1311 4076 k

129 4087 136 4094 ¹
190 4069 234 4123 ius
246 4065 395 4124 testamenti
406 4073 570 4125 mentionem
584 4071 648 4125 listi.
665 4074 699 4126 G.
753 4071 808 4123 uod
830 4068 943 4129 accidit,
970 4084 1000 4121 ut
1017 4086 1068 4119 nec
1087 4070 1161 4122 vinu
1181 4067 1243 4123 iuli·

227 4138 246 4192 6
257 4125 373 4208 jactum
402 4146 434 4190 in
459 4140 571 4206 liberis)
615 4139 700 4195 cuius
733 4089 850 4194 dictetur
866 4139 928 4192 suae
944 4155 976 4190 cx
991 4135 1070 4191 fratre
1085 4139 1174 4211 nepti,
1196 4157 1242 4191 cu·

189 4206 202 4220 ⁴
226 4204 250 4258 le
274 4206 344 4262 lilios
376 4206 539 4282 adoptastis,
580 4226 609 4263 ut
631 4209 650 4262 s.
674 4227 699 4263 a.
734 4210 776 4268 ius
796 4210 849 4262 iam
872 4209 943 4261 bona
962 4208 1070 4260 nemine
1089 4222 1182 4263 contra
1199 4205 1241 4259 di-

219 4278 305 4338 lium,
338 4297 409 4347 quae
440 4279 486 4333 tm
520 4299 583 4333 cum
598 4278 700 4354 smtre
734 4295 810 4333 conte
833 4278 956 4345 haberem
987 4292 1014 4331 et
1038 4293 1156 4338 curaret,
1178 4294 1242 4330 cum

194 4356 361 4401 communie.
400 4346 435 4399 6.
733 4348 829 4402 llberos
855 4367 887 4401 cx
905 4345 931 4399 se
951 4362 1030 4400 natos
1049 4365 1105 4400 non
1122 4346 1242 4408 haberet.

188 4423 194 4458 ί
226 4429 294 4483 pue
319 4417 539 4482 concinantur)
575 4418 613 4472 Ut
632 4416 700 4470 lilino
735 4434 764 4471 nt
785 4433 856 4473 certe
874 4416 1064 4484 postmortem
1083 4412 1158 4468 snam
1181 4414 1242 4471 red·

190 4481 425 4568 [uaslpropitinm
447 4486 572 4545 nddmr
591 4485 700 4544 transm
732 4488 784 4552 iret
800 4488 835 4543 sd
849 4484 924 4541 illum
942 4483 1085 4556 hareditas.
1121 4485 1156 4539 G.

402 4643 412 4680 l
