2859 5784
252 235 304 359 iu
570 298 593 353 1.
628 258 666 351 ij
694 286 991 369 renesrrr
1070 317 1074 330 ·

233 448 571 535 administrandae.
637 454 767 555 ltaque
798 455 906 527 etiam
945 456 1125 527 Wrrinae
1163 453 1305 558 saepius

234 563 384 665 'ceteris
405 560 669 655 enarravimus,
699 556 780 658 ipso
809 556 967 647 semestri
995 554 1194 656 superiori3
1224 563 1306 660 qui.

147 652 150 669 ¹
251 668 322 741 hus
358 664 521 764 legendis
556 684 632 737 tote
672 663 765 736 ratio
801 660 1066 737 iurisdictionis
1103 661 1303 759 Romanae,

250 792 332 845 tum
356 772 537 862 urbanae,
563 787 642 840 tum
670 765 923 866 provincialis,
954 764 1138 837 sociorum
1157 771 1305 865 provin.

216 872 221 881 ’
251 874 496 973 cialiumque,
533 869 804 969 magistratuum
829 869 867 940 in
898 869 990 941 urbe
1023 889 1059 941 et
1085 870 1124 940 in
1141 873 1305 968 provin.

251 977 339 1072 ciis,
369 975 507 1049 civium
535 974 625 1047 item
651 973 851 1071 utrobique
883 972 979 1061 iura,
1015 970 1187 1066 cognosci
1221 974 1302 1075 pos.

156 1097 162 1109 ’
250 1078 345 1154 suut.
398 1077 636 1176 Eandemque
674 1078 724 1161 ob
751 1074 906 1148 caussam
938 1074 1123 1146 interdum
1153 1078 1210 1150 vel
1236 1084 1302 1152 et·-

251 1187 392 1257 ceronis
415 1182 516 1253 illam
547 1182 682 1253 clarum
708 1180 964 1271 ad'Qninsnm
977 1180 1148 1272 fratrem
1173 1182 1304 1285 episto.

250 1288 345 1382 laru,
370 1283 415 1358 de
439 1282 656 1383 provinciali
679 1281 1010 1385 administratione,
1038 1280 1095 1355 vel
1121 1285 1302 1358 Pliniana-

171 1450 174 1459 ,
238 1374 335 1464 'rum
358 1390 494 1461 librum
528 1386 715 1459 decimum
748 1385 948 1484 explicavi3
984 1384 1184 1484 inquibus
1207 1394 1301 1462 ratio

249 1491 523 1592 provinciarum
565 1487 632 1562 sub
671 1488 884 1563 Caesaribus
935 1487 1302 1566 administrandarum

144 1646 146 1649 .
193 1660 199 1673 ,
252 1595 378 1669 multis
400 1615 437 1668 et
457 1585 658 1693 perspicuis
682 1590 838 1688 vestigiis
866 1593 1113 1708 exemplisque
1142 1600 1301 1693 expressa

253 1694 323 1791 est,
360 1719 402 1771 ut
430 1725 450 1770 a
473 1695 639 1769 [ludiosis
660 1688 1082 1792 utriusque‘discrrmina
1105 1698 1301 1793 cognosce·
1386 1748 1391 1769 .

253 1823 398 1875 rentur:
422 1825 514 1900 quae
541 1827 597 1871 res
620 1797 788 1896 inprimis
815 1795 1008 1869 necessaria
1033 1798 1101 1891 est,
1123 1827 1198 1872 nou
1223 1829 1299 1876 irio.

254 1902 304 1978 do
330 1905 420 1977 iuris
442 1901 625 1994 studione,
654 1899 847 1973 sedetiam
871 1901 1137 1998 interpretibus·
1153 1930 1299 2000 graeco-

252 2036 336 2081 rum
368 2006 467 2081 Novi
496 2004 718 2079 Testamenti
746 2004 949 2098 librorum,
985 2031 1051 2077 nec
1084 2006 1204 2078 minus
1244 2009 1299 2105 iis,

252 2111 319 2210 qui
346 2105 537 2183 historiam
572 2129 732 2181 veterem
759 2106 940 2180 Ecclesiae
965 2130 1133 2183 accurate
1163 2138 1300 2210 cogno.

251 2211 352 2287 scere
378 2213 544 2311 cupiunt.
605 2212 731 2311 Atque
759 2235 800 2283 ea
834 2239 889 2283 res
922 2210 1078 2310 primam
1107 2212 1202 2286 hauc
1223 2217 1297 2288 vim

250 2315 401 2408 habuit,
434 2336 476 2387 ut
498 2313 732 2389 allicerentur
758 2313 872 2410 magis
898 2311 1046 2387 iuvenes
1071 2314 1119 2387 ad
1145 2317 1223 2390 illas
1246 2321 1298 2393 le·

50 2470 53 2477 -
96 2422 101 2429 ’
196 2460 212 2487 .=
251 2418 394 2491 ctiones
416 2415 635 2509 audiendas,
660 2414 867 2516 praesertim
894 2442 937 2489 ex
963 2443 1008 2490 eo
1028 2445 1204 2513 numero,
1232 2423 1297 2521 qni

249 2520 291 2594 in
308 2521 390 2594 eliis
411 2519 621 2594 Academiis
642 2519 704 2593 ista
726 2518 949 2611 contemnit,
972 2520 1076 2620 quod
1102 2524 1295 2599 audiendis

248 2623 449 2698 latinorum
473 2620 693 2722 scriptorum
724 2623 985 2723 interpretibus
1010 2623 1102 2697 nihil
1132 2627 1168 2700 se
1195 2656 1298 2727 prae·

241 2742 307 2801 'ter
328 2725 505 2801 formulas
531 2728 729 2801 verborum
749 2726 897 2818 latinas,
922 2748 984 2798 aut
1010 2725 1202 2803 sententias
1222 2734 1297 2806 bel·

249 2829 304 2903 las
334 2827 472 2904 discere
504 2830 604 2929 polle
635 2851 758 2928 putat,
790 2858 945 2928 quarum
978 2828 1046 2902 fibi
1079 2855 1141 2905 aut
1174 2836 1296 2911 nullus

249 2953 316 3005 aut
342 2960 474 3032 parvus
498 2932 582 3007 usus
605 2934 749 3006 futurus
779 2932 841 3027 fit,
873 2959 1033 3032 eamque
1057 2937 1106 3008 ob
1139 2939 1296 3015 caussam

248 3034 295 3109 iis
319 3036 493 3136 relinquit
517 3028 692 3110 lectiones
717 3037 755 3108 in
778 3036 971 3134 scriptores
989 3058 1126 3113 veteres
1150 3041 1297 3136 latinos,
1401 3060 1406 3079 ‘

248 3138 314 3237 qui
333 3137 540 3217 scholarum
560 3139 754 3213 latinarum
776 3138 934 3237 magistri
947 3142 1061 3213 futuri
1082 3142 1162 3216 lint.
1215 3144 1297 3225 Nec

155 3298 158 3302 »
210 3320 216 3329 ,
246 3237 353 3315 illum
377 3270 530 3342 parvum
550 3245 710 3316 fructum
734 3242 957 3336 iudicamus,
983 3243 1087 3343 quod
1112 3246 1211 3347 apud
1228 3277 1296 3327 not

246 3343 391 3445 semper
414 3346 564 3419 suerunt
588 3347 731 3445 plures,
755 3332 830 3447 qus
847 3347 935 3418 iuris
957 3373 1059 3443 eam,
1084 3379 1193 3450 quam
1223 3353 1295 3426 ele·

248 3449 452 3543 gantioreru
488 3450 598 3551 vulgo
631 3471 783 3544 vocant,
819 3447 1007 3523 scientiam
1037 3475 1219 3547 amarent,
1257 3476 1295 3528 et
1333 3484 1337 3491 ·

248 3570 432 3644 tenerent,
470 3579 539 3626 nec
569 3551 703 3647 modo,
735 3575 776 3626 nt
799 3554 885 3627 alibi
919 3556 979 3647 fit,
1011 3556 1083 3629 fori
1113 3556 1217 3631 usum
1252 3558 1293 3631 in

246 3649 424 3727 discendo
447 3659 526 3731 iure
552 3653 801 3756 sequerentur.
860 3655 957 3748 sed,
988 3678 1029 3729 ut
1056 3656 1103 3729 ad
1130 3659 1292 3736 instituta

245 3755 367 3829 nostra
393 3756 603 3854 redeamus,
637 3761 675 3832 in
702 3781 805 3860 perte
830 3758 930 3831 illins
959 3758 1058 3857 quafi
1085 3762 1185 3834 orbis
1212 3792 1293 3838 ora-

246 3859 421 3952 tonica,
453 3890 546 3960 quae
580 3863 697 3962 prima
729 3892 748 3935 a
779 3862 886 3936 nobis
918 3887 1204 3938 commemorata
1229 3868 1291 3961 est,

242 3956 302 4033 nis
324 3959 531 4038 Pliniannrn
553 3965 814 4065 Panegyricum
839 3964 1116 4064 proposuimus,
1144 3992 1221 4045 tum
1248 4000 1290 4045 ea

244 4060 292 4132 de
321 4066 456 4134 caulla.
488 4090 534 4136 ut.
554 4090 629 4138 tota
655 4068 747 4141 ratio
771 4068 962 4140 imueriiaea
986 4071 1199 4142 Caesar-ilius
1229 4070 1291 4140 ad.
