2859 5784
242 4309 246 4318 -
349 4271 568 4326 ummatillimum
578 4276 766 4348 interpretant-
801 4276 829 4330 S.

652 403 1031 482 netanxxur.
1170 389 1172 394 ’
1298 388 1316 456 l

323 592 443 648 morte
473 567 575 645 Iunii
605 568 709 646 Aviti
733 569 977 672 gravisimum
1000 568 1095 669 cepi.
1149 571 1281 648 Latum
1304 603 1316 646 ι

324 704 412 752 vum
436 676 477 748 in
500 671 614 750 domo
644 702 727 749 mea
751 674 939 749 induerat:
970 671 1143 773 suffragio
1164 705 1248 751 meo
1275 676 1316 749 ad

322 800 383 854 tus
413 777 453 852 in
475 779 647 878 petendis
667 777 874 852 honoribus
892 779 1029 852 suerat:
1056 776 1216 874 adhoc,
1241 780 1292 854 ita
1314 847 1316 852 ,

324 881 519 981 diligebat,
545 884 597 956 ita
619 875 832 976 verebatur,
857 902 900 970 ut
916 907 975 954 me
999 882 1199 957 formatore
1216 911 1316 957 mou]

324 1012 384 1060 me
417 985 518 1086 quafi
546 985 717 1084 magistro
742 1005 917 1060 uteretur.
989 984 1126 1057 Raruln
1152 987 1224 1061 hoc
1253 986 1316 1062 ad<

282 1168 290 1174 ,
323 1087 509 1166 scentibus
534 1075 677 1162 nostris.
738 1087 836 1162 Nam
857 1085 1150 1188 quotusquisque
1180 1092 1239 1164 vel
1267 1113 1316 1166 act

326 1193 495 1287 alterius,
517 1193 576 1266 vel
593 1191 822 1287 auctoritati,
846 1213 888 1265 ut
901 1192 1042 1285 minor,
1068 1189 1194 1266 cedit?
1233 1195 1316 1267 {Stat

325 1293 491 1395 sapiunt,
517 1295 636 1369 [latim
665 1294 785 1369 sciunt
807 1294 952 1369 omnia:
986 1294 1177 1369 neminem
1197 1320 1316 1371 verant

326 1397 745 1488 imitantur-neminem,
777 1420 886 1499 atque
916 1398 985 1498 ipsi
1003 1395 1073 1470 fibi
1095 1400 1259 1500 exempla
1280 1399 1316 1474 su

323 1500 404 1576 sed
427 1529 503 1576 uon
527 1501 681 1577 Avitus:
699 1500 816 1576 cuius
837 1502 929 1578 haec
949 1500 1146 1601 praecipua
1167 1503 1316 1602 pruden

327 1603 432 1705 quod
457 1605 549 1679 alios
571 1604 829 1704 prudentiores
853 1604 1116 1700 arbitrabatur,
1149 1605 1242 1681 baec
1275 1637 1316 1707 pr

327 1708 437 1808 cipua
469 1706 651 1803 eruditio,
687 1708 794 1809 quod
826 1706 964 1783 discere
996 1700 1156 1781 uolebat.
1222 1712 1316 1810 Sem⁴

326 1812 390 1886 ille
420 1833 483 1885 aut
515 1810 562 1885 dc
594 1810 723 1886 studiis
755 1811 918 1911 aliquid,
956 1831 1019 1883 aut
1044 1806 1091 1884 do
1121 1812 1251 1886 officiis
1282 1816 1316 1888 vi

327 1913 559 1989 consulebat:
596 1915 741 2015 semper
766 1915 818 1987 ita
849 1912 1064 2006 recedebat,
1085 1933 1142 1985 ,ut
1171 1916 1303 1992 melior

263 2095 274 2110 ,
328 2040 430 2092 cura:
465 2039 503 2093 et
530 2039 609 2093 erat
632 2020 751 2096 sactus
782 2018 842 2092 vel
873 2043 939 2109 eo,
970 2015 1072 2116 quod
1100 2015 1285 2109 audierat,

329 2119 433 2222 quod
463 2122 624 2223 omnino
640 2120 851 2222 quaesierat.
911 2115 1027 2207 Quod
1066 2117 1141 2196 ille,
1160 2119 1316 2223 obsequi

327 2226 526 2319 Serviano,
552 2223 774 2297 exactissimo
797 2223 896 2320 viro,
920 2220 1114 2320 praestitit!
1149 2250 1259 2322 quem
1283 2228 1316 2301 le

237 2321 242 2329 ’
327 2349 409 2404 turn
431 2329 600 2402 tribunus
625 2327 678 2400 ita
700 2347 738 2400 et
758 2325 957 2419 intellexit,
980 2345 1017 2397 et
1038 2324 1149 2422 cepit,
1175 2349 1217 2402 ut
1232 2332 1316 2403 ch

327 2431 450 2506 mania
468 2432 509 2505 in
528 2429 758 2504 Pannoniam
776 2449 1044 2520 transeuntem,
1071 2453 1148 2501 non
1167 2451 1210 2502 ut
1229 2458 1315 2506 com

327 2534 418 2630 lito,
443 2532 508 2608 sed
523 2554 565 2607 ut
580 2560 705 2607 comes
721 2529 997 2630 adsectatorque
1018 2527 1241 2630 sequeretur.
1296 2537 1316 2620 ζ

328 2636 525 2732 industria,
559 2664 632 2736 qua
663 2635 842 2710 modestia
874 2634 1048 2734 quaestor
1067 2633 1279 2711 consulibus
1309 2647 1316 2714 l

274 2773 280 2782 ·
330 2744 384 2842 (et
405 2742 530 2841 plures
553 2738 701 2841 babuit)
729 2766 806 2813 nou
829 2738 950 2810 minus
974 2735 1158 2812 iucundus
1186 2761 1223 2813 et
1247 2765 1316 2840 grat

331 2855 446 2945 quam*
474 2841 556 2916 usui
585 2844 673 2915 suit!
727 2843 815 2930 Quo
851 2837 1035 2933 discursu,
1074 2867 1147 2939 qua
1181 2842 1315 2941 vigilan

329 2946 426 3021 hauc
445 2945 561 3046 ipsam
582 2943 819 3039 aedilitatem,
847 2942 908 3017 cui
931 2964 1145 3042 praereptus
1169 2947 1232 3035 est,
1255 2971 1316 3046 pet

333 3049 449 3138 Quod
468 3049 528 3125 vel
549 3049 706 3124 maxime
728 3047 897 3146 dolorem
918 3072 1042 3119 meum
1063 3047 1256 3122 exulcerat.
1304 3057 1316 3119 l

332 3151 519 3230 versantur
542 3139 658 3225 oculis
683 3151 952 3242 calli'labores,
976 3168 1013 3221 et
1032 3148 1277 3227 infructuosae
1302 3183 1316 3254 Ι

332 3285 412 3353 ces,
437 3277 473 3331 et
496 3256 752 3355 honor‘quem
776 3227 911 3327 msruit
929 3271 1083 3323 tautum.
1137 3253 1245 3328 Redit
1260 3259 1316 3329 ani

332 3361 395 3435 ille
421 3361 516 3434 latus
546 3360 670 3432 clavus
702 3358 743 3431 in
769 3354 965 3458 penatibus
990 3355 1082 3428 meis
1106 3353 1263 3432 sumtus:
1302 3365 1316 3434 'r

367 3545 476 3608 xx1111,
495 3546 513 3602 ὅ
536 3549 643 3602 Rarum
663 3544 720 3599 lroc
743 3544 844 3600 adola-
876 3540 1035 3616 protundum
1055 3542 1174 3607 ridetur.
1197 3562 1228 3602 ut
1248 3546 1316 3622 aliqu

298 3649 301 3650 ν
327 3616 477 3688 fientlbus
506 3616 627 3691 nostris)
664 3613 781 3670 Praestat
807 3616 845 3668 la·
877 3615 964 3686 priora
996 3613 1124 3667 divorsum
1151 3615 1170 3668 li
1190 3616 1292 3679 nificat,

335 3686 391 3739 ctio
414 3685 533 3740 Medrcer
556 3687 634 3740 lrbrrr
662 3688 769 3740 Rarum
788 3685 843 3739 hoc
877 3701 992 3754 nempe,
1018 3682 1134 3738 devinxit
1166 3686 1170 3696 '
1192 3687 1200 3738 i
1219 3685 1316 3740 human

334 3763 367 3809 ln
385 3755 614 3828 adolescenttbua
631 3753 745 3828 offrir.
783 3756 811 3808 S.
851 3752 921 3805 ¹sua
950 3752 1118 3817 Servianum,
1151 3770 1181 3808 ut
1206 3757 1316 3811 Corneli

369 3865 386 3919 5
405 3851 600 3927 exaaiffimo)
636 3854 843 3929 diligentissimo,
876 3821 1026 3874 Alcibiaden
1046 3822 1251 3892 Pharnabazum¹
1269 3829 1316 3897 sua

334 3925 547 3986 accurarillimo,
567 3926 689 3997 adeoque
707 3926 844 3981 submoro-
876 3891 1145 4014 sggssffi'giffis'
1172 3897 1316 4039 ξῃξῇὓψῆ

335 3993 379 4055 so.
409 3996 452 4048 cui
465 4014 523 4048 non
541 3994 620 4049 steila
638 3992 700 4050 ellat
728 3996 843 4066 probari.

336 4065 402 4134 Quo
440 4066 547 4146 magia·
565 4064 718 4119 laudandus
747 4067 846 4130 Aritut,
881 4027 1316 4165 ‘ig‘'glgteisjefflfeecrtzs⁸,hqffi

335 4199 475 4330 praestitit.
510 4202 619 4259 Fallitur
629 4203 772 4275 Gierigrut,
783 4224 847 4259 con·
880 4168 1044 4250 ”lumem
1061 4169 1149 4235 'mm'
1165 4173 1251 4246 ii⁸q¹¹⁰
1268 4175 1314 4228 “b

882 4256 910 4290 ιιι
931 4236 1035 4309 agendo
1054 4257 1081 4295 et
1100 4241 1214 4300 dicendo
1235 4261 1316 4298 accon

287 4131 290 4142 '
335 4132 413 4207 quod
446 4136 493 4187 ttlr
523 4150 579 4194 vtro
608 4135 661 4190 tale
690 4134 847 4216 obsequium

883 4306 956 4360 dare.
999 4310 1059 4362 Hoc
1085 4313 1130 4381 qui
1150 4309 1252 4383 potest,
1281 4314 1303 4364 ia

373 4388 401 4426 et
427 4373 590 4439 intellexit,
621 4392 648 4430 et
669 4376 780 4457 cepit),
797 4377 850 4428 Po·
883 4391 941 4429 rum
955 4377 1110 4432 »necessario
1136 4389 1229 4450 capte,
1259 4399 1316 4434 auu

332 4439 431 4500 llarim
454 4441 566 4500 vertam
585 4447 624 4501 ira
640 4463 753 4500 ommno
772 4460 849 4502 rater-
887 4444 1221 4512 uolnerauerant.
1257 4453 1293 4506 E.
