2859 5784
255 249 373 328 aaut
445 206 1061 304 'euersuemerrsrota
1149 267 1163 277 -

256 405 425 487 salutanti
450 400 810 503 postliminio-quali
836 400 886 477 ad
909 400 1302 476 me'redeunremrli.
1339 400 1345 409 “

109 520 123 537 '
257 509 380 603 nium,
417 535 459 580 ea
485 507 629 602 omnia,
663 506 814 604 epistola
839 505 999 606 quadam
1023 505 1299 602 comprehensa,

260 614 307 687 ad
333 630 369 686 te
395 606 588 687 mittendi:
622 609 727 710 quod
760 629 861 681 tauto
892 609 1006 708 magu
1036 607 1129 681 mihi
1163 608 1300 706 placuit

258 714 470 808 consilium,
501 740 586 787 cum
611 709 745 787 eodem
769 732 937 812 ternpore
962 711 1009 784 ad
1035 738 1094 783 me
1120 709 1312 810 pervertis..

77 902 81 915 ¹
194 914 196 918 Α
257 816 330 912 se't,
356 844 468 918 quem
489 813 599 889 avide
625 813 689 888 diu
718 813 1024 915 exspectaveram,
1057 814 1300 915 Panegyricus

258 921 470 1014 Plinianua,
505 945 616 1018 quem
642 939 682 991 tn
710 916 862 1018 propter
889 918 1036 1016 negotia
1058 937 1119 990 tua
1147 943 1222 989 non
1249 938 1301 990 at-

197 1060 200 1067 ·
260 1023 411 1124 tigerus,
437 1050 457 1111 a
482 1023 538 1095 Cl.
562 1021 765 1095 Arutzeuio
789 1020 928 1109 editus,
953 1048 974 1095 e
1000 1042 1076 1120 quo
1101 1018 1299 1118 decerpere

154 1196 162 1221 ,Ι
260 1125 442 1227 quaedam
466 1123 672 1221 'lectoribus
709 1123 820 1196 Plinii
860 1124 1068 1225 profutura,
1107 1144 1144 1196 et
1179 1123 1320 1196 nollra‘

260 1228 349 1304 inde
374 1226 433 1302 vel
457 1252 590 1326 augere
608 1228 667 1301 vel
689 1222 913 1322 emendare,
927 1226 1065 1299 liceret.

285 1330 288 1339 ’
363 1330 444 1430 Age
468 1330 600 1429 igitur,
628 1356 722 1430 quae
747 1326 1104 1424 additasdetracta,
1131 1324 1301 1397 immuta·

263 1454 321 1528 ta,
362 1431 527 1527 defensa,
564 1433 696 1507 vellem
727 1432 768 1505 in
805 1420 986 1505 Plinianis'
1022 1429 1117 1504 curis
1155 1428 1300 1520 nostris,

154 1618 158 1625 ,
262 1534 363 1639 apud
385 1556 421 1641 te
450 1535 611 1610 breviter
635 1520 852 1636 persequar,
877 1532 981 1635 quod
1007 1529 1200 1609 obversam
1226 1531 1302 1605 ani-

228 1644 233 1653 ’
261 1667 326 1716 1110
352 1654 436 1712 mtto
466 1659 529 1717 ttta
559 1632 788 1735 itiragocom
813 1636 957 1710 dulcius
981 1637 1093 1731 mihi,
1116 1632 1302 1738 quidquid

225 1755 229 1761 ’
261 1741 337 1817 hoc
364 1743 414 1816 est
437 1741 596 1834 laboris,
627 1740 757 1833 saciet,
788 1761 867 1812 tum
886 1736 1010 1840 siqui
1039 1738 1132 1812 sunt·
1147 1735 1300 1835 igniculi

164 1934 167 1939 Ι
202 1934 205 1942 Δ
249 1844 302 1918 *in
329 1844 437 1918 nobis
459 1838 625 1943 ingenii,¹
648 1869 711 1917 eos
735 1844 810 1917 leni
835 1841 936 1942 quasi
963 1841 1093 1942 spiritu
1115 1839 1298 1916 excitabit.
1365 1910 1369 1927 ι

68 2020 70 2027 ⁴
139 2008 144 2023 ,
261 1946 351 2024 Non
366 1973 512 2042 vereor,
534 1974 581 2020 ue
595 1944 821 2020 voluntatem
837 1968 937 2019 tuam
953 1943 1159 2036 offendam,
1184 1940 1301 2015 sicubi
1417 2018 1418 2021 ,

144 2086 152 2097 ’
263 2078 285 2125 a
315 2071 376 2123 tua
401 2048 579 2124 sententia
607 2047 813 2124 discessero.
874 2048 1009 2123 Melius
1036 2049 1132 2121 inter
1159 2073 1226 2120 noa
1253 2044 1300 2119 de

261 2152 430 2227 maximis
460 2153 570 2228 rebus
593 2153 784 2247 convenit,
817 2154 927 2252 qrram
951 2173 993 2225 ut
1016 2152 1155 2225 minuta
1176 2150 1301 2249 dispu-

262 2255 463 2330 tatiuncula
493 2254 700 2328 aniuiorum
730 2255 1049 2347 coniunctionem',
1076 2252 1300 2328 sanotiffimir

262 2356 470 2431 adstrictam
488 2348 667 2451 viuculii,
683 2358 914 2432 'labefactare
938 2358 1044 2456 pollit
1069 2377 1132 2431 aut
1150 2358 1301 2431 convel-

261 2461 350 2535 lere.
404 2463 576 2534 Ceterum
597 2486 673 2533 non
692 2460 770 2532 eius
793 2458 909 2534 modo
933 2456 1122 2534 brevitatis
1143 2458 1205 2532 hic
1225 2488 1300 2534 ma-

263 2590 347 2637 mor
387 2588 470 2658 ero,
505 2590 616 2663 quam
652 2560 729 2661 ipsa
768 2562 868 2662 quali
903 2562 1060 2661 imperat
1095 2562 1299 2658 necessitas,

262 2664 329 2738 sed
360 2665 471 2738 totius
502 2666 613 2740 etiam
641 2664 783 2738 consilii
810 2665 920 2738 huius
953 2665 1137 2739 editionis.
1203 2668 1300 2743 Cum

263 2767 362 2841 enim
388 2793 463 2841 non
494 2792 539 2841 eo
570 2765 709 2868 spectet
736 2770 843 2841 labor
866 2767 1008 2862 noster,
1031 2789 1073 2841 ut
1099 2768 1297 2868 integritati

260 2864 375 2942 Plinii
396 2868 605 2968 scrupulosa
629 2869 816 2967 diligentia
831 2869 1059 2966 consulatur,
1082 2898 1193 2971 quam
1215 2899 1300 2971 pro·

260 2972 436 3066 vinciam,
460 2995 636 3072 quantum
661 2971 709 3045 ad
731 2973 919 3072 epistolas,
951 2974 1104 3073 pulchre
1132 2996 1299 3049 ornatam

173 3140 178 3151 ,
259 3072 420 3148 sciebam
451 3103 470 3147 a
500 3078 649 3170 Curtio,
685 3098 722 3149 et
747 3075 812 3177 qui
835 3074 1122 3179 succenturiatus
1150 3078 1205 3151 illi
1227 3077 1299 3151 suit

62 3246 65 3253 .
167 3226 171 3231 ‹
258 3177 466 3278 Lougolio3
503 3178 541 3250 iu
584 3178 806 3278 Panegyrico
844 3200 988 3274 autem,
1027 3183 1089 3278 (ue
1127 3179 1174 3255 de
1216 3182 1306 3267 cet.»

174 3349 178 3355 .
258 3280 473 3373 ,schwartzio
494 3280 557 3355 hic
586 3279 720 3381 dicam)
751 3281 791 3354 id
823 3281 926 3383 quod
948 3280 1175 3383 speraveram
1200 3285 1296 3359 futu·

145 3412 151 3417 ·
258 3410 361 3476 rum,
383 3383 566 3482 praeclare
586 3384 713 3458 eadem
735 3387 902 3469 sunctum
922 3387 1030 3460 video
1052 3384 1296 3461 doctillimuru
1344 3446 1350 3457 .

256 3484 520 3580 Arntzeuium,
546 3487 610 3589 qui
631 3488 699 3561 viri
720 3488 786 3562 suo
811 3491 940 3564 labore
960 3490 997 3562 in
1018 3493 1180 3563 futurum
1204 3514 1295 3587 quo·

256 3614 330 3688 quc
351 3589 633 3689 prospexerunt,
650 3591 966 3693 prospicientque,
988 3620 1033 3666 ne
1057 3612 1212 3680 temere,
1236 3592 1296 3667 vel

134 3732 143 3738 -
229 3690 407 3790 ,impune
440 3691 555 3786 ade0,
596 3693 741 3792 grassari
772 3695 810 3767 in
843 3694 1005 3766 Plinium
1032 3692 1140 3791 pollit
1167 3693 1296 3767 critica

183 3856 196 3867 .
253 3792 426 3887 licentia,
459 3792 524 3868 scd
550 3819 591 3868 ut
618 3796 850 3871 commodius
879 3798 1020 3895 legatur
1052 3793 1208 3893 scriptor
1234 3821 1296 3871 ve·

253 3896 511 3992 nullilsrmus,¹
534 3918 644 3998 atquc
682 3899 922 3995 intelligatur,
960 3896 1068 3998 quoti
1101 3895 1220 3995 ipsum
1253 3900 1296 3975 in

249 3997 463 4136 epistoland
481 3998 758 4136 lllullr·iffimum
773 4001 983 4134 llutlrenom
1002 3998 1190 4132 §omitem
1202 4029 1295 4132 1ρξρ·
