2859 5784
565 301 927 384 rannornqcar.
965 282 1099 376 bxrrr.

400 461 547 544 LXIII,
568 465 747 543 Revertor
756 465 827 539 iam
836 463 883 538 ad
891 464 1119 542 consulatum
1129 486 1232 540 tuum
1246 494 1256 540 a

296 567 380 646 suut
404 568 585 669 quaedam
606 568 655 648 ad
681 567 909 648 consulatum
938 569 1089 671 quidem
1114 571 1264 670 pertinet

297 693 381 748 ante
403 672 633 772 consulatum
655 696 788 748 tamen.
846 673 892 749 Iu
915 674 1042 772 primis
1062 672 1165 773 quod
1184 700 1264 747 corn

192 859 202 866 Α
298 779 369 851 tuis
385 777 597 871 interfuisti,
622 771 852 872 candidatus,
875 773 957 852 non'
970 761 1177 854 consulatus
1190 798 1265 850 tant

296 879 362 956 sed
389 881 694 972 immortalitatis,
721 902 758 956 et
783 880 941 978 gloriae,
969 881 1204 980 etexempli,
1238 910 1265 981 q

295 982 533 1085 sequerentur
549 985 639 1058 boni
655 984 860 1090 principes,
881 984 968 1064 mali
979 983 1208 1062 mirarentur.
1236 986 1265 1058 V

295 1109 332 1162 te
355 1088 517 1189 populus
539 1087 725 1168 Romanus
748 1087 872 1164 inille
897 1107 1018 1162 vetere
1048 1087 1232 1187 potestatis
1259 1089 1266 1159 l

219 1275 223 1280 ,
292 1189 378 1268 sede
390 1219 401 1271 :‚
432 1190 617 1291 perpessus
642 1219 680 1266 es
708 1192 861 1291 longum
884 1188 978 1268 illud
999 1218 1146 1268 carmen
1174 1192 1267 1264 comi

294 1323 397 1398 rum,
423 1322 492 1370 nec
508 1292 589 1370 'iam
617 1292 845 1374 irridendam
870 1321 1033 1372 moram:
1064 1291 1264 1394 consulque

293 1420 336 1474 ut
366 1425 463 1472 unus
485 1424 528 1472 ex
553 1399 681 1492 nobis,
712 1425 806 1497 quos
833 1396 922 1474 lacis
950 1395 1128 1474 consides.
1182 1397 1267 1490 Qun

293 1501 449 1602 quisque
477 1502 685 1602 principum
712 1495 1006 1582 antecedentium
1029 1499 1210 1576 honorem
1237 1501 1268 1578 ill

201 1697 227 1710 ,
293 1626 357 1678 aut
374 1602 579 1680 consulatui
599 1605 748 1697 hahuit,
774 1624 837 1678 aut
862 1601 1028 1710 populos
1062 1601 1149 1677 Non
1168 1604 1230 1676 alii
1251 1633 1268 1675 n

292 1707 368 1782 cidi
389 1704 519 1786 somno
539 1701 778 1807 hesternaque
799 1732 916 1781 coena
935 1703 1200 1799 redundantes,
1227 1733 1269 1778 co

291 1811 429 1885 tiorum
453 1809 604 1890 suorum
635 1810 784 1886 nuntios
811 1809 1098 1908 operiebantur?
1150 1809 1227 1882 Alii
1255 1809 1269 1879 l

291 1914 486 2012 pervigiles
510 1936 546 1987 et
571 1910 775 2004 insomnes,
801 1910 866 1990 sed
896 1912 990 1986 intra
1015 1910 1153 1985 cubilia
1179 1911 1242 1984 sua
1268 1941 1270 1983 2

290 2016 376 2116 ipsis
408 2013 638 2109 consulibus,
676 2043 697 2088 a
726 2015 862 2118 quibus
889 2013 1055 2094 consules
1087 2015 1270 2094 renumial

260 2139 371 2212 'tur,
401 2117 520 2194 exsilia
544 2124 581 2191 et
606 2115 758 2193 caedem
788 2116 1104 2204 machinabantur,
1166 2118 1200 2192 0
1228 2146 1270 2217 pr

293 2242 330 2296 et
362 2218 476 2300 inscia
507 2248 612 2294 verae
646 2220 844 2296 maiestatis.
874 2222 1048 2314 ambitio,
1080 2219 1271 2321 concupisc

290 2324 493 2418 honorem,
514 2350 625 2426 quern
639 2323 869 2426 dedigneris,
891 2322 1101 2423 dedignari,
1123 2353 1233 2428 quern
1254 2355 1271 2399 c

291 2427 472 2527 cupieris:
505 2455 694 2530 quumque
728 2454 771 2507 ex
803 2427 978 2526 proximis
1016 2428 1133 2502 hortis
1168 2456 1272 2527 camp

292 2553 329 2606 et
344 2530 494 2606 comitia
514 2528 743 2632 prospectes,
765 2529 814 2604 fic
839 2531 885 2606 ab
907 2531 980 2605 illis
1003 2531 1139 2625 abesse,
1165 2551 1272 2632 tanqu

290 2635 466 2709 Danubio
492 2634 697 2734 Rhenoque
721 2634 911 2710 dirimare!
947 2634 1134 2714 Averseris
1149 2627 1189 2708 tri
1203 2637 1273 2708 hon

291 2757 358 2810 tuo
386 2721 528 2840 sperdia
560 2734 746 2837 suffragia,
783 2738 1057 2838 renuntiarique
1090 2760 1127 2812 te
1152 2737 1273 2812 consul

292 2837 424 2914 iuffiss'e
446 2860 651 2934 contentus,
675 2842 812 2916 liberae
835 2842 991 2915 civitatis
1008 2869 1055 2916 ne
1070 2839 1274 2916 fimulatioo

295 2940 445 3041 quidem
464 2940 610 3016 serres?
662 2944 856 3017 Abstineas
879 2942 1039 3042 denique
1059 2943 1237 3036 comitiis,
1261 2972 1274 3014 a

257 3095 258 3098 =
292 3042 410 3127 trusus
438 3066 547 3153 atquc
561 3043 742 3143 abditus,
780 3045 880 3152 qnasi
904 3045 982 3126 illio¹
1008 3046 1082 3128 tibi
1108 3073 1184 3122 non
1211 3074 1274 3121 cot

329 3286 429 3349 LXIII,
443 3305 460 3340 2
479 3295 510 3339 tn
530 3287 585 3340 rna
602 3285 800 3360 verere-se-
834 3286 936 3342 scarum
959 3288 1168 3343 ceremoniarum
1193 3286 1274 3340 oblau

297 3356 349 3419 de)
385 3357 412 3408 in
433 3356 537 3426 Campo
557 3357 666 3409 Martio.
702 3357 737 3408 E.
832 3359 954 3412 saciabat.
998 3359 1072 3412 Haec
1103 3372 1158 3410 arat
1188 3357 1274 3410 rrrrda

330 3443 443 3480 carmen
453 3431 647 3489 comitiorum)
665 3425 729 3478 Nou
743 3443 801 3497 pra·
834 3441 895 3484 aute
909 3426 1071 3489 Traianum,
1088 3446 1149 3480 cnm
1159 3429 1269 3480 comitia

296 3514 338 3549 ces
357 3498 439 3547 modo
462 3493 581 3566 intelligo
605 3512 630 3551 et
655 3493 730 3547 Dada
757 3513 799 3548 ro·
833 3513 891 3552 turn
913 3495 979 3554 dicia
1003 3493 1090 3551 caussa
1115 3496 1274 3549 haberentur

295 3565 373 3646 gandi
394 3564 627 3684 formulasaquaa
652 3564 800 3646 rangit‘de·
834 3568 887 3648 iam
916 3582 977 3621 ante
998 3568 1106 3648 eomiria
1124 3565 1273 3647 constaret,

246 3685 249 3696 '
280 3634 469 3784 *sltsss’n
488 3632 802 3783 iitiffissbi'agi'llii
835 3636 1068 3761 fflbtm'ltt:
1084 3635 1156 3759 „iii
1176 3636 1274 3765 3¹:2¹3]

295 3772 427 3854 quidquid
452 3770 490 3826 est
513 3772 680 3845 publicorum
708 3788 736 3828 et
762 3773 801 3829 lo·
833 3777 969 3836 Τισίεω,
1002 3776 1070 3830 haec
1098 3791 1173 3829 mora
1198 3793 1252 3826 non

294 3843 422 3899 lemarum
438 3841 596 3905 verborum,
619 3844 715 3911 quibus
736 3862 802 3897 eon·
832 3846 966 3901 irridenda
986 3861 1033 3898 aut
1053 3845 1148 3898 inanis.
1166 3845 1218 3897 ·Ε.

294 3912 392 3968 llarent
406 3913 523 3965 comitia.
545 3912 716 3984 Quamquam
729 3914 801 3966 anim
869 3915 1050 3985 §Averſserts
1068 3923 1116 3978 tu)
1152 3913 1237 3984 Pergit
1259 3933 1273 3964 e

295 3998 352 4036 tum
373 3981 462 4034 nullae
486 3982 580 4052 populi
600 3998 687 4052 partas
707 3982 735 4035 in
753 3983 799 4036 da·
831 3982 927 4040 llulare
948 4003 1011 4038 cum
1031 3982 1103 4037 malo
1124 3983 1213 4055 aliquo
1236 3985 1274 4055 pri

294 4048 428 4123 signandis
459 4049 625 4112 consulibua,
658 4052 731 4122 qood
758 4067 799 4105 to·
832 4076 878 4132 pe.
917 4054 951 4105 G.

294 4136 351 4245 palm
373 4118 690 4241 principeediaeasa'ppnt.
709 4136 799 4243 tameq
825 4115 852 4246 ‘fi
866 4119 1274 4244 αὶιιιιϊαιίε-ΗῘιηρΙξιΙαὲζοιιεηι)4

295 4205 789 4340 03ttssl,t2·s0s‘⁰tni„¹lif'’df
832 4209 1136 4333 alltsslultt
1160 4210 1274 4315 silis.

327 4330 396 4384 Mox
414 4347 523 4384 moram
541 4327 619 4394 dicat,
645 4347 726 4402 quam
745 4330 799 4402 pri·
832 4329 917 4388 lliruit
939 4331 1113 4386 schwartius.
1151 4330 1185 4388 G.
