2859 5784
422 331 541 380 ιιι
591 330 908 383 onannttt
1077 336 1180 387 xxvtt

134 499 212 571 laus
236 495 307 589 est,
340 493 526 599 quidquid
552 500 651 599 agat)
677 496 826 571 illud
781 527 998 600 ,rnquam,
1014 526 1184 599 proma
1246 540 1249 547 ¹

135 601 197 701 gni
243 601 344 672 illius
386 621 423 674 et
459 603 602 701 capacia
643 601 783 700 ingenii
826 605 880 676 tui
918 604 954 678 vi
998 603 1182 701 agnosces,

136 692 339 805 quaefitam
367 703 437 779 elle
462 703 582 779 llutlio
611 706 823 785 varietatem
850 728 886 780 et
912 706 1183 825 amoenitatem,

138 811 322 887 lectorum
351 796 567 904 lenocinia3
605 835 683 882 non
715 808 931 884 coniunctas
960 809 1069 884 unius
1095 828 1186 891 tem·
1275 868 1279 875 .

138 913 263 1030 poria3
295 912 354 987 vel
386 910 435 985 ad
463 940 578 985 ιιιιιιιιι
609 912 819 1032 hominem,
856 914 962 988 vel
944 914 1053 987 nnius
1080 941 1187 1013 argu

137 1037 255 1090 menta
290 1015 481 1115 epistolas,
526 1014 697 1089 distracta
738 1018 861 1116 potius
906 1015 1043 1111 studio,
1090 1042 1185 1117 qnae

126 1112 186 1192 'ad
228 1140 344 1192 unum
387 1120 511 1193 locum
555 1118 760 1219 pertinent,
803 1119 1090 1222 suspensumque
1126 1144 1187 1192 ex
1238 1134 1274 1195 H

139 1222 365 1323 spectatione
391 1216 585 1341 lectorem,
619 1244 661 1295 ut
683 1225 806 1324 plures
833 1225 1022 1323 pervolvat
1055 1202 1188 1324 opillo}

141 1325 214 1420 las,
250 1324 341 1401 dum
366 1325 414 1400 ad
444 1354 522 1425 eam
551 1326 691 1422 veniat,
730 1353 824 1427 quae
851 1344 1020 1427 coeptam
1045 1325 1187 1400 canllne

141 1428 297 1503 elicuiua
329 1451 391 1507 aut
425 1429 563 1529 negotii
593 1431 875 1504 enarrationem
894 1429 1072 1504 absolvat
1136 1430 1189 1501 ll·

140 1532 209 1605 lud
235 1557 386 1633 quoque
411 1560 486 1607 non
513 1534 586 1608 line
619 1532 788 1608 conlilio¹
801 1535 939 1608 factum
971 1518 1052 1625 est,
1084 1529 1190 1631 quod

143 1656 200 1711 tot
229 1636 348 1734 elogia
371 1626 563 1710 hominum
590 1630 646 1709 fui
675 1638 775 1731 aevi,
804 1658 846 1710 ιι
871 1588 1211 1736 praedicitionem*

141 1739 288 1812 virtutis
323 1740 512 1814 illorum
503 1740 675 1815 mtexnit.
729 1765 781 1814 eo
811 1740 1012 1840 plurimum
1053 1752 1188 1837 nempe

141 1862 179 1916 et
219 1841 419 1919 hominum
461 1850 498 1917 et'
540 1842 810 1917 familiarum
801 1856 994 1936 intererat,
1044 1842 1187 1915 habere

141 1972 238 2045 opus
270 1945 366 2038 hoe,
416 1964 453 2020 et
487 1922 561 2019 luia
594 1946 770 2045 posteris,
807 1968 850 2019 ut
858 1947 1093 2077 imaginem
1117 1945 1187 2017 ¹-ali

144 2074 277 2149 qnam,
306 2073 348 2124 nt
373 2040 517 2122 titulum
541 2049 746 2123 nobilitatis
772 2028 875 2143 suae,
912 2046 1187 2135 commendare

144 2151 265 2271 Huic,
303 2174 412 2253 puto,
448 2151 545 2229 inter
580 2152 649 2226 alia
679 2150 832 2226 confilio
867 2151 1044 2244 debetur,
1085 2140 1189 2251 quod

148 2255 185 2326 in
212 2276 316 2328 tanta
348 2255 527 2331 librorum
556 2257 634 2329 eiua
667 2256 748 2329 aevi
772 2255 906 2356 strage,
949 2280 1044 2357 quae
1072 2274 1190 2327 totam

148 2384 263 2457 paene
301 2357 480 2455 Traiani,
502 2358 639 2458 optimi
668 2358 865 2459 principia,
906 2358 1095 2441 historiam
1131 2357 1195 2429 ab·

148 2462 282 2551 olevit,
327 2459 435 2534 evalit
471 2461 557 2535 hoc
586 2463 779 2557 volumen,
822 2484 859 2536 et
906 2492 992 2537 cum
1031 2459 1194 2559 auctoris

147 2561 223 2653 lui,
259 2583 340 2636 tum
370 2564 524 2651 aliarum
561 2565 1013 2667 rerum‚homini1mque
1055 2578 1197 2637 merno-
1283 2576 1285 2581 '

148 2669 201 2743 ria
226 2667 346 2739 nostra
370 2664 679 2767 dignillimorum,
692 2627 938 2743 conservavit
965 2666 1195 2743 memoriam

149 2768 327 2844 Succeffit
361 2770 460 2842 enirn
499 2764 634 2845 deinde
673 2768 822 2844 Sidonii
861 2770 1095 2871 Apollinaris
1126 2769 1199 2842 stu·

127 2872 276 2968 alium,
316 2871 386 2946 viri
427 2873 571 2975 magni,
619 2874 684 2995 qui
729 2902 815 2947 cum
845 2874 1041 2948 Nostrum
1087 2864 1224 2945 unio'e'

149 2998 309 3070 amaret,
336 2973 673 3069 commendaret,
663 2986 703 3049 r'n
725 2978 933 3096 exemplum
957 2964 1199 3093 proponeret,
1241 3027 1243 3031 -

150 3078 257 3179 quod
287 3105 330 3152 ex
358 3077 531 3153 lubioctia
558 3078 776 3155 testimoniis
808 3081 943 3179 poteria
979 3078 1200 3177 intelligere,
1236 3124 1240 3145 ,

147 3182 394 3280 multiplicata
442 3180 554 3257 huius
606 3183 729 3282 operia
774 3185 952 3282 exempla
985 3181 1200 3285 sequentem
1312 3186 1317 3205 ‘

153 3313 240 3359 mox
274 3285 492 3360 colluviem
511 3312 556 3360 eo
592 3284 771 3361 sustinere
796 3284 952 3361 facilius
987 3274 1199 3386 potuernnl
1325 3319 1338 3329 -

150 3387 343 3465 suavitue
394 3408 536 3483 tecum,
582 3389 821 3465 Illustrillime
868 3390 1020 3480 Cornea,
1066 3382 1202 3484 agendi
1265 3466 1268 3475 Ι
1334 3416 1339 3427 ι

153 3509 353 3593 proventus
388 3490 543 3567 moduri'r'
576 3493 809 3594 epistolae
799 3518 873 3566 ram
912 3489 1107 3590 egreffus
1102 3487 1199 3560 luni

154 3594 233 3671 Sed
260 3621 380 3696 neque
402 3590 602 3671 intercedit
623 3614 689 3670 tna
715 3596 943 3688 hnmanitas,
977 3619 1053 3693 quo
1079 3590 1202 3665 minus

157 3700 299 3874 rellajna
328 3696 519 3794 adiiciam,
549 3716 642 3800 qua'e
673 3700 713 3773 ln
745 3701 867 3774 fronte
896 3698 1005 3772 huius
1029 3696 1117 3770 libri
1147 3693 1204 3765 di·

156 3830 226 3876 ren
255 3828 276 3874 a
305 3799 446 3896 habeo,
487 3820 655 3905 quaeque
689 3828 736 3877 eo
769 3801 953 3878 lubentius
982 3795 1247 3916 cognoscent

159 3905 331 3985 lectores
343 3859 497 4007 reliqiri',
531 3904 560 3978 li
588 3928 624 3982 te
653 3934 726 3980 una
755 3904 978 4008 praesentem
1005 3900 1106 4005 <puali
1129 3899 1205 3973 ani-

160 4035 226 4083 mo
257 4005 327 4083 luo
352 4007 564 4085 habuerint.
623 3937 779 4098 Quidlp
793 4004 896 4106 quod
924 4005 1067 4106 polium
1095 4002 1206 4078 etiam
